% Encoding: UTF-8

@Unpublished{Romero2023,
  author = {Romero, \'Oscar and Queralt, Anna},
  title  = {Semantic Data Management},
  note   = {Lecture Notes},
}

@Book{arjen1999,
  title   = {Content And Multimedia Database Management Systems},
  year    = {1999},
  author  = {de Vries, Arjen},
  month   = {01},
  isbn    = {978-90-365-1388-3},
  journal = {Distributed and Parallel Databases - DPD},
}

@InProceedings{brewer2000towards,
  author       = {Brewer, Eric A},
  title        = {Towards robust distributed systems},
  booktitle    = {PODC},
  year         = {2000},
  volume       = {7},
  number       = {10.1145},
  pages        = {343477--343502},
  organization = {Portland, OR},
}

@Book{abiteboul_manolescu_rigaux_rousset_senellart_2011,
  title     = {Web Data Management},
  publisher = {Cambridge University Press},
  year      = {2011},
  author    = {Abiteboul, Serge and Manolescu, Ioana and Rigaux, Philippe and Rousset, Marie-Christine and Senellart, Pierre},
  doi       = {10.1017/CBO9780511998225},
  place     = {Cambridge},
}

@Comment{jabref-meta: databaseType:bibtex;}
