% Encoding: UTF-8

@Unpublished{Sakr2022,
  author = {Mahmoud Sakr},
  title  = {INFOH423 Data Mining},
}

@Book{Aggarwal_2015,
  title     = {Data Mining},
  publisher = {Springer International Publishing},
  year      = {2015},
  author    = {Charu C. Aggarwal},
  doi       = {10.1007/978-3-319-14142-8},
}

@Book{witten2011,
  title      = {Data {Mining}: {Practical} {Machine} {Learning} {Tools} and {Techniques}},
  publisher  = {Elsevier},
  year       = {2011},
  author     = {Witten, Ian and Frank, Eibe and Hall, Mark},
  isbn       = {978-0-12-374856-0},
  doi        = {10.1016/C2009-0-19715-5},
  file       = {2011 - Data Mining Practical Machine Learning Tools and .pdf:/Users/neil.hawkins/Zotero/storage/M8X9PRQN/2011 - Data Mining Practical Machine Learning Tools and .pdf:application/pdf},
  language   = {en},
  shorttitle = {Data {Mining}},
  url        = {https://linkinghub.elsevier.com/retrieve/pii/C20090197155},
  urldate    = {2019-05-02},
}

@Comment{jabref-meta: databaseType:bibtex;}
