% Encoding: UTF-8

@Unpublished{Seghouani2023,
  author = {Seghouani, Nacéra},
  title  = {Massive Graph Management and Analytics},
  note   = {Lecture Notes},
}

@Book{book,
  title   = {Content And Multimedia Database Management Systems},
  year    = {1999},
  author  = {de Vries, Arjen},
  month   = {01},
  isbn    = {978-90-365-1388-3},
  journal = {Distributed and Parallel Databases - DPD},
}

@Unpublished{AriasProbability,
  author = {Arias, Marta},
  title  = {Notes on probability theory, Bayes theorem and Bayesian learning},
  note   = {Lecture Notes},
}

@Misc{lorencio2021,
  author = {Jose A. Lorencio Abril},
  title  = {Apuntes de Inferencia Estadística},
  year   = {2021},
  url    = {https://github.com/Lorenc1o/Math_Info_UniversityNotes/blob/main/Mathematics/5th-year/Statistical_Inference/inferencia.pdf},
}

@Article{Rosenblatt_1958,
  author    = {F. Rosenblatt},
  title     = {The perceptron: A probabilistic model for information storage and organization in the brain.},
  journal   = {Psychological Review},
  year      = {1958},
  volume    = {65},
  number    = {6},
  pages     = {386--408},
  doi       = {10.1037/h0042519},
  publisher = {American Psychological Association ({APA})},
}

@Misc{leskovec2008community,
  author        = {Jure Leskovec and Kevin J. Lang and Anirban Dasgupta and Michael W. Mahoney},
  title         = {Community Structure in Large Networks: Natural Cluster Sizes and the Absence of Large Well-Defined Clusters},
  year          = {2008},
  archiveprefix = {arXiv},
  eprint        = {0810.1355},
  primaryclass  = {cs.DS},
}

@Article{Palla2005,
  author   = {Palla, Gergely and Derényi, Imre and Farkas, Illés and Vicsek, Tamás},
  title    = {Uncovering the overlapping community structure of complex networks in nature and society},
  journal  = {Nature},
  year     = {2005},
  volume   = {435},
  number   = {7043},
  pages    = {814--818},
  issn     = {1476-4687},
  abstract = {A network is a network — be it between words (those associated with ‘bright’ in this case) or protein structures.},
  date     = {2005/06/01},
  doi      = {10.1038/nature03607},
  url      = {https://doi.org/10.1038/nature03607},
}

@Article{RyanGross1943,
  author    = {Ryan, Bryce and Gross, Neal C.},
  title     = {The Diffusion of Hybrid Seed Corn in Two Iowa Communities},
  journal   = {Rural Sociology},
  year      = {1943},
  volume    = {8},
  number    = {1},
  pages     = {15},
  publisher = {College Station, Tex., etc.},
}

@Comment{jabref-meta: databaseType:bibtex;}
