% Encoding: UTF-8

@Unpublished{Arias2022,
  author = {Arias, Marta},
  title  = {Machine Learning},
  note   = {Lecture Notes},
}

@Book{book,
  title   = {Content And Multimedia Database Management Systems},
  year    = {1999},
  author  = {de Vries, Arjen},
  month   = {01},
  isbn    = {978-90-365-1388-3},
  journal = {Distributed and Parallel Databases - DPD},
}

@Unpublished{AriasProbability,
  author = {Arias, Marta},
  title  = {Notes on probability theory, Bayes theorem and Bayesian learning},
  note   = {Lecture Notes},
}

@Misc{lorencio2021,
  author = {Lorencio Abril, Jose Antonio},
  title  = {Apuntes de Inferencia Estad√≠stica},
  year   = {2021},
  url    = {https://github.com/Lorenc1o/Math_Info_UniversityNotes/blob/main/Mathematics/5th-year/Statistical_Inference/inferencia.pdf},
}

@Comment{jabref-meta: databaseType:bibtex;}
